
        <record>
            <header>
                <identifier>oai:aleph-nkp.cz:DNT01-000102093</identifier>
                <datestamp>2022-04-08T18:05:55Z</datestamp>
                <setSpec>DNT-ALL</setSpec>
            </header>
            <metadata>
                <marc:record xmlns:marc="http://www.loc.gov/MARC21/slim" xmlns:xsi="http://www.w3.org/2001/XMLSchema-instance" xsi:schemaLocation="http://www.loc.gov/MARC21/slim
http://www.loc.gov/standards/marcxml/schema/MARC21slim.xsd">
                    <marc:leader>nam a22 a 4500</marc:leader>
                    <marc:controlfield tag="001">000102093</marc:controlfield>
                    <marc:controlfield tag="003">CZ PrDNT</marc:controlfield>
                    <marc:controlfield tag="005">20210511142230.0</marc:controlfield>
                    <marc:controlfield tag="007">tu</marc:controlfield>
                    <marc:controlfield tag="008">011015s2002 xr e 000 0 cze</marc:controlfield>
                    <marc:datafield tag="015" ind1=" " ind2=" ">
                        <marc:subfield code="a">cnb001025220</marc:subfield>
                    </marc:datafield>
                    <marc:datafield tag="020" ind1=" " ind2=" ">
                        <marc:subfield code="a">80-7205-860-6</marc:subfield>
                        <marc:subfield code="q">(váz.)</marc:subfield>
                    </marc:datafield>
                    <marc:datafield tag="035" ind1=" " ind2=" ">
                        <marc:subfield code="a">(CZ-PrSKC)cpk20011025220</marc:subfield>
                    </marc:datafield>
                    <marc:datafield tag="040" ind1=" " ind2=" ">
                        <marc:subfield code="a">ABA001</marc:subfield>
                        <marc:subfield code="b">cze</marc:subfield>
                    </marc:datafield>
                    <marc:datafield tag="041" ind1="1" ind2=" ">
                        <marc:subfield code="a">cze</marc:subfield>
                        <marc:subfield code="h">eng</marc:subfield>
                    </marc:datafield>
                    <marc:datafield tag="072" ind1=" " ind2="7">
                        <marc:subfield code="a">13</marc:subfield>
                        <marc:subfield code="x">Filozofie ducha</marc:subfield>
                        <marc:subfield code="2">Konspekt</marc:subfield>
                        <marc:subfield code="9">5</marc:subfield>
                    </marc:datafield>
                    <marc:datafield tag="080" ind1=" " ind2=" ">
                        <marc:subfield code="a">165.322</marc:subfield>
                        <marc:subfield code="2">MRF</marc:subfield>
                    </marc:datafield>
                    <marc:datafield tag="080" ind1=" " ind2=" ">
                        <marc:subfield code="a">2-584.5</marc:subfield>
                        <marc:subfield code="2">MRF</marc:subfield>
                    </marc:datafield>
                    <marc:datafield tag="080" ind1=" " ind2=" ">
                        <marc:subfield code="a">2-582/-587</marc:subfield>
                        <marc:subfield code="2">MRF</marc:subfield>
                    </marc:datafield>
                    <marc:datafield tag="080" ind1=" " ind2=" ">
                        <marc:subfield code="a">2-184.2-58</marc:subfield>
                        <marc:subfield code="2">MRF</marc:subfield>
                    </marc:datafield>
                    <marc:datafield tag="080" ind1=" " ind2=" ">
                        <marc:subfield code="a">2-14/-15</marc:subfield>
                        <marc:subfield code="2">MRF</marc:subfield>
                    </marc:datafield>
                    <marc:datafield tag="080" ind1=" " ind2=" ">
                        <marc:subfield code="a">2-184</marc:subfield>
                        <marc:subfield code="2">MRF</marc:subfield>
                    </marc:datafield>
                    <marc:datafield tag="080" ind1=" " ind2=" ">
                        <marc:subfield code="a">(0.062)</marc:subfield>
                        <marc:subfield code="2">MRF</marc:subfield>
                    </marc:datafield>
                    <marc:datafield tag="100" ind1="1" ind2=" ">
                        <marc:subfield code="a">Chopra, Deepak,</marc:subfield>
                        <marc:subfield code="d">1946-</marc:subfield>
                        <marc:subfield code="7">jn20000720047</marc:subfield>
                        <marc:subfield code="4">aut</marc:subfield>
                    </marc:datafield>
                    <marc:datafield tag="245" ind1="1" ind2="0">
                        <marc:subfield code="a">Jak poznat Boha :</marc:subfield>
                        <marc:subfield code="b">cesta poznání největšího ze všech mystérií duše /</marc:subfield>
                        <marc:subfield code="c">Deepak Chopra ; [z anglického originálu ... přeložila Hana Eassey]</marc:subfield>
                    </marc:datafield>
                    <marc:datafield tag="260" ind1=" " ind2=" ">
                        <marc:subfield code="a">Praha :</marc:subfield>
                        <marc:subfield code="b">Pragma,</marc:subfield>
                        <marc:subfield code="c">2002</marc:subfield>
                    </marc:datafield>
                    <marc:datafield tag="300" ind1=" " ind2=" ">
                        <marc:subfield code="a">407 s. ;</marc:subfield>
                        <marc:subfield code="c">22 cm</marc:subfield>
                    </marc:datafield>
                    <marc:datafield tag="520" ind1="2" ind2=" ">
                        <marc:subfield code="a">Autor populárních knih z oblasti alternativní medicíny tentokrát předkládá svůj návod, jak dospět k poznání Boha.</marc:subfield>
                    </marc:datafield>
                    <marc:datafield tag="520" ind1="2" ind2=" ">
                        <marc:subfield code="a">Podivuhodné tvrzení, že lidský mozek je přímo vybaven k poznání Boha zakládá autor na poznatcích tzv. neurovědy a dokazuje, že lidská nervová soustava se vyznačuje sedmi biologickými reakcemi, které odpovídají sedmi úrovním božského prožitku. Dále používá i některé poznatky kvantové fyziky (&quot;pole mysli&quot;), Einsteinovy teorie relativity a jakéhosi všeobecného náboženského cítění lidstva. Pouchovv L1a</marc:subfield>
                    </marc:datafield>
                    <marc:datafield tag="650" ind1="0" ind2="7">
                        <marc:subfield code="a">Bůh a člověk</marc:subfield>
                        <marc:subfield code="7">ph116953</marc:subfield>
                        <marc:subfield code="2">czenas</marc:subfield>
                    </marc:datafield>
                    <marc:datafield tag="650" ind1="0" ind2="7">
                        <marc:subfield code="a">duchovní poznání</marc:subfield>
                        <marc:subfield code="7">ph119632</marc:subfield>
                        <marc:subfield code="2">czenas</marc:subfield>
                    </marc:datafield>
                    <marc:datafield tag="650" ind1="0" ind2="7">
                        <marc:subfield code="a">duchovní cesta</marc:subfield>
                        <marc:subfield code="7">ph119626</marc:subfield>
                        <marc:subfield code="2">czenas</marc:subfield>
                    </marc:datafield>
                    <marc:datafield tag="650" ind1="0" ind2="7">
                        <marc:subfield code="a">sebepoznání</marc:subfield>
                        <marc:subfield code="7">ph116116</marc:subfield>
                        <marc:subfield code="2">czenas</marc:subfield>
                    </marc:datafield>
                    <marc:datafield tag="650" ind1="0" ind2="7">
                        <marc:subfield code="a">náboženské zkušenosti</marc:subfield>
                        <marc:subfield code="7">ph202181</marc:subfield>
                        <marc:subfield code="2">czenas</marc:subfield>
                    </marc:datafield>
                    <marc:datafield tag="650" ind1="0" ind2="7">
                        <marc:subfield code="a">Bůh (teologie)</marc:subfield>
                        <marc:subfield code="7">ph117421</marc:subfield>
                        <marc:subfield code="2">czenas</marc:subfield>
                    </marc:datafield>
                    <marc:datafield tag="655" ind1=" " ind2="7">
                        <marc:subfield code="a">populárně-naučné publikace</marc:subfield>
                        <marc:subfield code="7">fd131864</marc:subfield>
                        <marc:subfield code="2">czenas</marc:subfield>
                    </marc:datafield>
                    <marc:datafield tag="700" ind1="1" ind2=" ">
                        <marc:subfield code="a">Eassey Baroš, Hana</marc:subfield>
                        <marc:subfield code="7">xx0053525</marc:subfield>
                        <marc:subfield code="4">trl</marc:subfield>
                    </marc:datafield>
                    <marc:datafield tag="765" ind1="0" ind2=" ">
                        <marc:subfield code="t">How to know God</marc:subfield>
                        <marc:subfield code="9">Česky</marc:subfield>
                    </marc:datafield>
                    <marc:datafield tag="856" ind1="4" ind2="1">
                        <marc:subfield code="u">http://krameriusndk.nkp.cz/search/handle/uuid:d4dde920-b386-11e4-a7a2-005056827e51</marc:subfield>
                        <marc:subfield code="y">Digitalizovaný dokument</marc:subfield>
                    </marc:datafield>
                    <marc:datafield tag="956" ind1="4" ind2=" ">
                        <marc:subfield code="u">http://krameriusndk.nkp.cz/search/handle/uuid:d4dde920-b386-11e4-a7a2-005056827e51</marc:subfield>
                        <marc:subfield code="9">A</marc:subfield>
                        <marc:subfield code="9">NZ</marc:subfield>
                    </marc:datafield>
                    <marc:datafield tag="990" ind1=" " ind2=" ">
                        <marc:subfield code="a">A</marc:subfield>
                    </marc:datafield>
                    <marc:datafield tag="990" ind1=" " ind2=" ">
                        <marc:subfield code="a">NZ</marc:subfield>
                    </marc:datafield>
                    <marc:datafield tag="992" ind1=" " ind2=" ">
                        <marc:subfield code="s">PA</marc:subfield>
                        <marc:subfield code="a">20200731</marc:subfield>
                        <marc:subfield code="b">batch</marc:subfield>
                    </marc:datafield>
                    <marc:datafield tag="992" ind1=" " ind2=" ">
                        <marc:subfield code="s">NZ</marc:subfield>
                        <marc:subfield code="a">20210109</marc:subfield>
                        <marc:subfield code="b">batch</marc:subfield>
                    </marc:datafield>
                    <marc:datafield tag="992" ind1=" " ind2=" ">
                        <marc:subfield code="s">A</marc:subfield>
                        <marc:subfield code="a">20210201</marc:subfield>
                        <marc:subfield code="b">batch</marc:subfield>
                    </marc:datafield>
                    <marc:datafield tag="996" ind1=" " ind2=" ">
                        <marc:subfield code="a">SKC01-000995703</marc:subfield>
                    </marc:datafield>
                    <marc:datafield tag="998" ind1=" " ind2=" ">
                        <marc:subfield code="a">DNT01-000102093</marc:subfield>
                    </marc:datafield>
                </marc:record>
            </metadata>
        </record>