
        <record>
            <header>
                <identifier>oai:aleph-nkp.cz:DNT01-000052585</identifier>
                <datestamp>2022-04-08T18:05:55Z</datestamp>
                <setSpec>DNT-ALL</setSpec>
            </header>
            <metadata>
                <marc:record xmlns:marc="http://www.loc.gov/MARC21/slim" xmlns:xsi="http://www.w3.org/2001/XMLSchema-instance" xsi:schemaLocation="http://www.loc.gov/MARC21/slim
http://www.loc.gov/standards/marcxml/schema/MARC21slim.xsd">
                    <marc:leader>cam a22 7a 4500</marc:leader>
                    <marc:controlfield tag="001">000052585</marc:controlfield>
                    <marc:controlfield tag="003">CZ PrDNT</marc:controlfield>
                    <marc:controlfield tag="005">20070903112630.0</marc:controlfield>
                    <marc:controlfield tag="007">ta</marc:controlfield>
                    <marc:controlfield tag="008">011002s1984 xr |||||r|||||||| ||cze|d</marc:controlfield>
                    <marc:datafield tag="015" ind1=" " ind2=" ">
                        <marc:subfield code="a">cnb000024132</marc:subfield>
                    </marc:datafield>
                    <marc:datafield tag="035" ind1=" " ind2=" ">
                        <marc:subfield code="a">(CZ-PrSKC)000607623</marc:subfield>
                    </marc:datafield>
                    <marc:datafield tag="040" ind1=" " ind2=" ">
                        <marc:subfield code="a">ABD007</marc:subfield>
                        <marc:subfield code="b">cze</marc:subfield>
                        <marc:subfield code="c">ABD007</marc:subfield>
                        <marc:subfield code="d">ABD007</marc:subfield>
                        <marc:subfield code="d">HKD001</marc:subfield>
                    </marc:datafield>
                    <marc:datafield tag="080" ind1=" " ind2=" ">
                        <marc:subfield code="a">611.9</marc:subfield>
                        <marc:subfield code="2">MRF-sel</marc:subfield>
                    </marc:datafield>
                    <marc:datafield tag="100" ind1="1" ind2=" ">
                        <marc:subfield code="a">Hulín, Ivan,</marc:subfield>
                        <marc:subfield code="d">1938-</marc:subfield>
                        <marc:subfield code="7">jx20041014021</marc:subfield>
                        <marc:subfield code="4">aut</marc:subfield>
                    </marc:datafield>
                    <marc:datafield tag="245" ind1="1" ind2="0">
                        <marc:subfield code="a">Somatologie :</marc:subfield>
                        <marc:subfield code="b">[učebnice pro střední zdravotnické školy] /</marc:subfield>
                        <marc:subfield code="c">Ivan Hulín, Jozef Zlatoš, Július Hájek ; [přeložil Ivan Dylevský]</marc:subfield>
                    </marc:datafield>
                    <marc:datafield tag="250" ind1=" " ind2=" ">
                        <marc:subfield code="a">Vyd. 2. (1. české).</marc:subfield>
                    </marc:datafield>
                    <marc:datafield tag="260" ind1=" " ind2=" ">
                        <marc:subfield code="a">Praha :</marc:subfield>
                        <marc:subfield code="b">Avicenum,</marc:subfield>
                        <marc:subfield code="c">1984</marc:subfield>
                    </marc:datafield>
                    <marc:datafield tag="300" ind1=" " ind2=" ">
                        <marc:subfield code="a">380 s. :</marc:subfield>
                        <marc:subfield code="b">il.</marc:subfield>
                    </marc:datafield>
                    <marc:datafield tag="500" ind1=" " ind2=" ">
                        <marc:subfield code="a">Rejstřík na s. 375-380</marc:subfield>
                    </marc:datafield>
                    <marc:datafield tag="650" ind1="0" ind2="7">
                        <marc:subfield code="a">ANATOMIE TOPOGRAFICKÁ</marc:subfield>
                        <marc:subfield code="2">czmesh</marc:subfield>
                    </marc:datafield>
                    <marc:datafield tag="650" ind1="0" ind2="7">
                        <marc:subfield code="a">somatologie</marc:subfield>
                        <marc:subfield code="2">czmesh</marc:subfield>
                    </marc:datafield>
                    <marc:datafield tag="700" ind1="1" ind2=" ">
                        <marc:subfield code="a">Zlatoš, Jozef</marc:subfield>
                        <marc:subfield code="4">aut</marc:subfield>
                    </marc:datafield>
                    <marc:datafield tag="700" ind1="1" ind2=" ">
                        <marc:subfield code="a">Hájek, Július</marc:subfield>
                        <marc:subfield code="4">aut</marc:subfield>
                    </marc:datafield>
                    <marc:datafield tag="765" ind1="0" ind2=" ">
                        <marc:subfield code="t">Somatológia</marc:subfield>
                    </marc:datafield>
                    <marc:datafield tag="856" ind1="4" ind2="1">
                        <marc:subfield code="u">http://krameriusndk.nkp.cz/search/handle/uuid:fe202720-e68f-11e5-bdc9-005056827e52</marc:subfield>
                        <marc:subfield code="y">Digitalizovaný dokument</marc:subfield>
                    </marc:datafield>
                    <marc:datafield tag="956" ind1="4" ind2=" ">
                        <marc:subfield code="u">http://krameriusndk.nkp.cz/search/handle/uuid:fe202720-e68f-11e5-bdc9-005056827e52</marc:subfield>
                        <marc:subfield code="9">A</marc:subfield>
                    </marc:datafield>
                    <marc:datafield tag="990" ind1=" " ind2=" ">
                        <marc:subfield code="a">A</marc:subfield>
                    </marc:datafield>
                    <marc:datafield tag="992" ind1=" " ind2=" ">
                        <marc:subfield code="s">A</marc:subfield>
                        <marc:subfield code="a">20200101</marc:subfield>
                        <marc:subfield code="b">batch</marc:subfield>
                    </marc:datafield>
                    <marc:datafield tag="996" ind1=" " ind2=" ">
                        <marc:subfield code="a">SKC01-000861291</marc:subfield>
                    </marc:datafield>
                    <marc:datafield tag="998" ind1=" " ind2=" ">
                        <marc:subfield code="a">DNT01-000052585</marc:subfield>
                    </marc:datafield>
                </marc:record>
            </metadata>
        </record>