
        <record>
            <header>
                <identifier>oai:aleph-nkp.cz:DNT01-000002682</identifier>
                <datestamp>2022-04-08T18:05:55Z</datestamp>
                <setSpec>DNT-ALL</setSpec>
            </header>
            <metadata>
                <marc:record xmlns:marc="http://www.loc.gov/MARC21/slim" xmlns:xsi="http://www.w3.org/2001/XMLSchema-instance" xsi:schemaLocation="http://www.loc.gov/MARC21/slim
http://www.loc.gov/standards/marcxml/schema/MARC21slim.xsd">
                    <marc:leader>nam a22 a 4500</marc:leader>
                    <marc:controlfield tag="001">000002682</marc:controlfield>
                    <marc:controlfield tag="003">CZ PrDNT</marc:controlfield>
                    <marc:controlfield tag="005">20210215133937.0</marc:controlfield>
                    <marc:controlfield tag="008">961120s1968 xr | |||| | cze</marc:controlfield>
                    <marc:datafield tag="015" ind1=" " ind2=" ">
                        <marc:subfield code="a">cnb000127970</marc:subfield>
                    </marc:datafield>
                    <marc:datafield tag="035" ind1=" " ind2=" ">
                        <marc:subfield code="a">(CZ-PrSKC)m0218034</marc:subfield>
                    </marc:datafield>
                    <marc:datafield tag="040" ind1=" " ind2=" ">
                        <marc:subfield code="a">CBA001</marc:subfield>
                        <marc:subfield code="b">cze</marc:subfield>
                        <marc:subfield code="d">ABA100</marc:subfield>
                    </marc:datafield>
                    <marc:datafield tag="080" ind1=" " ind2=" ">
                        <marc:subfield code="a">821.162.3-32</marc:subfield>
                        <marc:subfield code="2">MRF</marc:subfield>
                    </marc:datafield>
                    <marc:datafield tag="100" ind1="1" ind2=" ">
                        <marc:subfield code="a">Hálek, Vítězslav,</marc:subfield>
                        <marc:subfield code="d">1835-1874</marc:subfield>
                        <marc:subfield code="7">jk01033219</marc:subfield>
                        <marc:subfield code="4">aut</marc:subfield>
                    </marc:datafield>
                    <marc:datafield tag="245" ind1="1" ind2="0">
                        <marc:subfield code="a">Povídky /</marc:subfield>
                        <marc:subfield code="c">Vítězslav Hálek ; ilustroval Jaroslav Lukavský</marc:subfield>
                    </marc:datafield>
                    <marc:datafield tag="250" ind1=" " ind2=" ">
                        <marc:subfield code="a">1. vyd.</marc:subfield>
                    </marc:datafield>
                    <marc:datafield tag="260" ind1=" " ind2=" ">
                        <marc:subfield code="a">Praha :</marc:subfield>
                        <marc:subfield code="b">Odeon,</marc:subfield>
                        <marc:subfield code="c">1968</marc:subfield>
                        <marc:subfield code="f">(Mír 5)</marc:subfield>
                    </marc:datafield>
                    <marc:datafield tag="300" ind1=" " ind2=" ">
                        <marc:subfield code="a">334 s., [7] l. obr. příl. ;</marc:subfield>
                        <marc:subfield code="c">8°</marc:subfield>
                    </marc:datafield>
                    <marc:datafield tag="490" ind1="1" ind2=" ">
                        <marc:subfield code="a">Česká klasická próza</marc:subfield>
                    </marc:datafield>
                    <marc:datafield tag="500" ind1=" " ind2=" ">
                        <marc:subfield code="a">Výběr a uspořádání svazku navrhl a ediční poznámku napsal Dušan Jeřábek ; text k vydání připravili a vysvětlivkami opatřili Milan Jelínek, Dušan Jeřábek a Milan Kopecký ; ilustroval, obálku a vazbu navrhl Jaroslav Lukavský ; graficky upravil Milan Kovář ; náklad 20000 výtisků--Tiráž</marc:subfield>
                    </marc:datafield>
                    <marc:datafield tag="505" ind1="0" ind2="0">
                        <marc:subfield code="t">Jiřík --</marc:subfield>
                        <marc:subfield code="t">Kovářovic Kačenka --</marc:subfield>
                        <marc:subfield code="t">Muzikantská Liduška --</marc:subfield>
                        <marc:subfield code="t">Na statku a v chaloupce --</marc:subfield>
                        <marc:subfield code="t">Poldík rumař --</marc:subfield>
                        <marc:subfield code="t">Na vejminku --</marc:subfield>
                        <marc:subfield code="t">Študent Kvoch</marc:subfield>
                    </marc:datafield>
                    <marc:datafield tag="520" ind1="2" ind2=" ">
                        <marc:subfield code="a">Jiřík, Kovářovic Kačenka, Muzikantská Liduška, Na statku a v chaloupce, Poldík rumař, Na vejminku, Študent Kvoch.</marc:subfield>
                    </marc:datafield>
                    <marc:datafield tag="520" ind1="2" ind2=" ">
                        <marc:subfield code="a">Výbor zachycuje v podstatě celý okruh námětů, které Hálek zpracoval ve své povídkové tvorbě.</marc:subfield>
                    </marc:datafield>
                    <marc:datafield tag="653" ind1="0" ind2=" ">
                        <marc:subfield code="a">česká literatura</marc:subfield>
                        <marc:subfield code="a">povídky</marc:subfield>
                        <marc:subfield code="a">venkovské povídky</marc:subfield>
                    </marc:datafield>
                    <marc:datafield tag="700" ind1="1" ind2=" ">
                        <marc:subfield code="a">Lukavský, Jaroslav,</marc:subfield>
                        <marc:subfield code="d">1924-1984</marc:subfield>
                        <marc:subfield code="7">jk01072607</marc:subfield>
                        <marc:subfield code="4">ill</marc:subfield>
                    </marc:datafield>
                    <marc:datafield tag="700" ind1="1" ind2=" ">
                        <marc:subfield code="a">Jeřábek, Dušan,</marc:subfield>
                        <marc:subfield code="d">1922-2004</marc:subfield>
                        <marc:subfield code="7">jk01051520</marc:subfield>
                        <marc:subfield code="4">edt</marc:subfield>
                        <marc:subfield code="4">cmm</marc:subfield>
                        <marc:subfield code="4">aui</marc:subfield>
                    </marc:datafield>
                    <marc:datafield tag="830" ind1=" " ind2="0">
                        <marc:subfield code="a">Česká klasická próza (Odeon)</marc:subfield>
                    </marc:datafield>
                    <marc:datafield tag="856" ind1="4" ind2="1">
                        <marc:subfield code="u">http://krameriusndk.nkp.cz/search/handle/uuid:93bc10c0-5819-11e4-8b11-005056827e51</marc:subfield>
                        <marc:subfield code="y">Digitalizovaný dokument</marc:subfield>
                    </marc:datafield>
                    <marc:datafield tag="956" ind1="4" ind2=" ">
                        <marc:subfield code="u">http://krameriusndk.nkp.cz/search/handle/uuid:93bc10c0-5819-11e4-8b11-005056827e51</marc:subfield>
                        <marc:subfield code="9">A</marc:subfield>
                    </marc:datafield>
                    <marc:datafield tag="990" ind1=" " ind2=" ">
                        <marc:subfield code="a">A</marc:subfield>
                    </marc:datafield>
                    <marc:datafield tag="992" ind1=" " ind2=" ">
                        <marc:subfield code="s">A</marc:subfield>
                        <marc:subfield code="a">20200101</marc:subfield>
                        <marc:subfield code="b">batch</marc:subfield>
                    </marc:datafield>
                    <marc:datafield tag="992" ind1=" " ind2=" ">
                        <marc:subfield code="s">PN</marc:subfield>
                        <marc:subfield code="a">20210319</marc:subfield>
                        <marc:subfield code="b">Souborný katalog</marc:subfield>
                    </marc:datafield>
                    <marc:datafield tag="992" ind1=" " ind2=" ">
                        <marc:subfield code="s">A</marc:subfield>
                        <marc:subfield code="a">20210319</marc:subfield>
                        <marc:subfield code="b">batch</marc:subfield>
                    </marc:datafield>
                    <marc:datafield tag="996" ind1=" " ind2=" ">
                        <marc:subfield code="a">SKC01-000387867</marc:subfield>
                    </marc:datafield>
                    <marc:datafield tag="998" ind1=" " ind2=" ">
                        <marc:subfield code="a">DNT01-000002682</marc:subfield>
                    </marc:datafield>
                </marc:record>
            </metadata>
        </record>