
        <record>
            <header>
                <identifier>oai:aleph-nkp.cz:DNT01-000052587</identifier>
                <datestamp>2022-04-08T18:05:55Z</datestamp>
                <setSpec>DNT-ALL</setSpec>
            </header>
            <metadata>
                <marc:record xmlns:marc="http://www.loc.gov/MARC21/slim" xmlns:xsi="http://www.w3.org/2001/XMLSchema-instance" xsi:schemaLocation="http://www.loc.gov/MARC21/slim
http://www.loc.gov/standards/marcxml/schema/MARC21slim.xsd">
                    <marc:leader>cam a22 7a 4500</marc:leader>
                    <marc:controlfield tag="001">000052587</marc:controlfield>
                    <marc:controlfield tag="003">CZ PrDNT</marc:controlfield>
                    <marc:controlfield tag="005">20070906084509.0</marc:controlfield>
                    <marc:controlfield tag="007">ta</marc:controlfield>
                    <marc:controlfield tag="008">010913s1984 xr |||||r|||||||| ||cze|d</marc:controlfield>
                    <marc:datafield tag="015" ind1=" " ind2=" ">
                        <marc:subfield code="a">cnb000024150</marc:subfield>
                    </marc:datafield>
                    <marc:datafield tag="035" ind1=" " ind2=" ">
                        <marc:subfield code="a">(CZ-PrSKC)000177596</marc:subfield>
                    </marc:datafield>
                    <marc:datafield tag="040" ind1=" " ind2=" ">
                        <marc:subfield code="a">ABD007</marc:subfield>
                        <marc:subfield code="b">cze</marc:subfield>
                        <marc:subfield code="c">ABD007</marc:subfield>
                        <marc:subfield code="d">ABD007</marc:subfield>
                        <marc:subfield code="d">PND001</marc:subfield>
                        <marc:subfield code="d">HKD001</marc:subfield>
                        <marc:subfield code="d">ABD008</marc:subfield>
                        <marc:subfield code="d">HKD003</marc:subfield>
                        <marc:subfield code="9">1</marc:subfield>
                    </marc:datafield>
                    <marc:datafield tag="080" ind1=" " ind2=" ">
                        <marc:subfield code="a">616-097</marc:subfield>
                        <marc:subfield code="2">MRF-sel</marc:subfield>
                    </marc:datafield>
                    <marc:datafield tag="100" ind1="1" ind2=" ">
                        <marc:subfield code="a">Rovenský, Jozef,</marc:subfield>
                        <marc:subfield code="d">1943-</marc:subfield>
                        <marc:subfield code="7">xx0006668</marc:subfield>
                        <marc:subfield code="4">aut</marc:subfield>
                    </marc:datafield>
                    <marc:datafield tag="245" ind1="1" ind2="0">
                        <marc:subfield code="a">Zásady imunomodulační léčby difúzních chorob pojiva /</marc:subfield>
                        <marc:subfield code="c">Jozef Rovenský, Jan Pekárek. Alergická respirační onemocnění ohrožující život / Jaroslava Pražáková, Vladimír Vondra</marc:subfield>
                    </marc:datafield>
                    <marc:datafield tag="250" ind1=" " ind2=" ">
                        <marc:subfield code="a">[Vyd. 1.].</marc:subfield>
                    </marc:datafield>
                    <marc:datafield tag="260" ind1=" " ind2=" ">
                        <marc:subfield code="a">Praha :</marc:subfield>
                        <marc:subfield code="b">Avicenum,</marc:subfield>
                        <marc:subfield code="c">1984</marc:subfield>
                    </marc:datafield>
                    <marc:datafield tag="300" ind1=" " ind2=" ">
                        <marc:subfield code="a">108 s. :</marc:subfield>
                        <marc:subfield code="b">tab., grafy.</marc:subfield>
                    </marc:datafield>
                    <marc:datafield tag="490" ind1="1" ind2=" ">
                        <marc:subfield code="a">Novinky v medicíně ;</marc:subfield>
                        <marc:subfield code="v">sv. 31</marc:subfield>
                    </marc:datafield>
                    <marc:datafield tag="500" ind1=" " ind2=" ">
                        <marc:subfield code="a">Alergická respirační onemocnění ohrožující život na s. 63 - 108</marc:subfield>
                    </marc:datafield>
                    <marc:datafield tag="500" ind1=" " ind2=" ">
                        <marc:subfield code="a">LFHK: 25386</marc:subfield>
                    </marc:datafield>
                    <marc:datafield tag="500" ind1=" " ind2=" ">
                        <marc:subfield code="a">LF HK: 19327</marc:subfield>
                    </marc:datafield>
                    <marc:datafield tag="650" ind1="0" ind2="7">
                        <marc:subfield code="a">imunologie</marc:subfield>
                        <marc:subfield code="2">czmesh</marc:subfield>
                    </marc:datafield>
                    <marc:datafield tag="650" ind1="0" ind2="7">
                        <marc:subfield code="a">IMUNOMODULÁTORY</marc:subfield>
                        <marc:subfield code="2">czmesh</marc:subfield>
                    </marc:datafield>
                    <marc:datafield tag="650" ind1="0" ind2="7">
                        <marc:subfield code="a">ADJUVANCIA IMUNOLOGICKÁ</marc:subfield>
                        <marc:subfield code="2">czmesh</marc:subfield>
                    </marc:datafield>
                    <marc:datafield tag="650" ind1="0" ind2="7">
                        <marc:subfield code="a">IMUNITA BUNĚČNÁ</marc:subfield>
                        <marc:subfield code="2">czmesh</marc:subfield>
                    </marc:datafield>
                    <marc:datafield tag="650" ind1="0" ind2="7">
                        <marc:subfield code="a">POJIVOVÁ TKÁŇ - NEMOCI</marc:subfield>
                        <marc:subfield code="2">czmesh</marc:subfield>
                    </marc:datafield>
                    <marc:datafield tag="650" ind1="0" ind2="7">
                        <marc:subfield code="a">AUTOIMUNNÍ NEMOCI</marc:subfield>
                        <marc:subfield code="2">czmesh</marc:subfield>
                    </marc:datafield>
                    <marc:datafield tag="650" ind1="0" ind2="7">
                        <marc:subfield code="a">RESPIRAČNÍ HYPERSENZITIVITA</marc:subfield>
                        <marc:subfield code="2">czmesh</marc:subfield>
                    </marc:datafield>
                    <marc:datafield tag="655" ind1=" " ind2="7">
                        <marc:subfield code="a">brožury</marc:subfield>
                        <marc:subfield code="7">fd131925</marc:subfield>
                        <marc:subfield code="2">czenas</marc:subfield>
                    </marc:datafield>
                    <marc:datafield tag="700" ind1="1" ind2=" ">
                        <marc:subfield code="a">Pekárek, Jan</marc:subfield>
                        <marc:subfield code="4">aut</marc:subfield>
                    </marc:datafield>
                    <marc:datafield tag="700" ind1="1" ind2="2">
                        <marc:subfield code="a">Pražáková, Jaroslava.</marc:subfield>
                        <marc:subfield code="t">Alergická respirační onemocnění ohrožující život</marc:subfield>
                    </marc:datafield>
                    <marc:datafield tag="700" ind1="1" ind2="2">
                        <marc:subfield code="a">Vondra, Vladimír,</marc:subfield>
                        <marc:subfield code="d">1934-</marc:subfield>
                        <marc:subfield code="t">Alergická respirační onemocnění ohrožující život</marc:subfield>
                    </marc:datafield>
                    <marc:datafield tag="830" ind1=" " ind2="0">
                        <marc:subfield code="a">Novinky v medicíně</marc:subfield>
                    </marc:datafield>
                    <marc:datafield tag="856" ind1="4" ind2="1">
                        <marc:subfield code="u">http://krameriusndk.nkp.cz/search/handle/uuid:8a767190-e9c7-11e5-8d5f-005056827e51</marc:subfield>
                        <marc:subfield code="y">Digitalizovaný dokument</marc:subfield>
                    </marc:datafield>
                    <marc:datafield tag="956" ind1="4" ind2=" ">
                        <marc:subfield code="u">http://krameriusndk.nkp.cz/search/handle/uuid:8a767190-e9c7-11e5-8d5f-005056827e51</marc:subfield>
                        <marc:subfield code="9">A</marc:subfield>
                    </marc:datafield>
                    <marc:datafield tag="990" ind1=" " ind2=" ">
                        <marc:subfield code="a">A</marc:subfield>
                    </marc:datafield>
                    <marc:datafield tag="992" ind1=" " ind2=" ">
                        <marc:subfield code="s">A</marc:subfield>
                        <marc:subfield code="a">20200101</marc:subfield>
                        <marc:subfield code="b">batch</marc:subfield>
                    </marc:datafield>
                    <marc:datafield tag="996" ind1=" " ind2=" ">
                        <marc:subfield code="a">SKC01-000861308</marc:subfield>
                    </marc:datafield>
                    <marc:datafield tag="998" ind1=" " ind2=" ">
                        <marc:subfield code="a">DNT01-000052587</marc:subfield>
                    </marc:datafield>
                </marc:record>
            </metadata>
        </record>