
        <record>
            <header>
                <identifier>oai:aleph-nkp.cz:DNT01-000002683</identifier>
                <datestamp>2022-04-08T18:05:55Z</datestamp>
                <setSpec>DNT-ALL</setSpec>
            </header>
            <metadata>
                <marc:record xmlns:marc="http://www.loc.gov/MARC21/slim" xmlns:xsi="http://www.w3.org/2001/XMLSchema-instance" xsi:schemaLocation="http://www.loc.gov/MARC21/slim
http://www.loc.gov/standards/marcxml/schema/MARC21slim.xsd">
                    <marc:leader>nam a22 1i 4500</marc:leader>
                    <marc:controlfield tag="001">000002683</marc:controlfield>
                    <marc:controlfield tag="003">CZ PrDNT</marc:controlfield>
                    <marc:controlfield tag="005">20180629122337.0</marc:controlfield>
                    <marc:controlfield tag="007">ta</marc:controlfield>
                    <marc:controlfield tag="008">970116s1974 xr c g 000 j cze</marc:controlfield>
                    <marc:datafield tag="015" ind1=" " ind2=" ">
                        <marc:subfield code="a">cnb000127973</marc:subfield>
                    </marc:datafield>
                    <marc:datafield tag="020" ind1=" " ind2=" ">
                        <marc:subfield code="q">(Vázáno)</marc:subfield>
                    </marc:datafield>
                    <marc:datafield tag="035" ind1=" " ind2=" ">
                        <marc:subfield code="a">(CZ-PrSKC)PAG0102543</marc:subfield>
                    </marc:datafield>
                    <marc:datafield tag="040" ind1=" " ind2=" ">
                        <marc:subfield code="a">ABA001</marc:subfield>
                        <marc:subfield code="b">cze</marc:subfield>
                        <marc:subfield code="c">LIA001</marc:subfield>
                        <marc:subfield code="d">ABA001</marc:subfield>
                        <marc:subfield code="d">PAG001</marc:subfield>
                        <marc:subfield code="e">rda</marc:subfield>
                    </marc:datafield>
                    <marc:datafield tag="072" ind1=" " ind2="7">
                        <marc:subfield code="a">821.162.3-3</marc:subfield>
                        <marc:subfield code="x">Česká próza</marc:subfield>
                        <marc:subfield code="2">Konspekt</marc:subfield>
                        <marc:subfield code="9">25</marc:subfield>
                    </marc:datafield>
                    <marc:datafield tag="080" ind1=" " ind2=" ">
                        <marc:subfield code="a">821.162.3-3</marc:subfield>
                        <marc:subfield code="2">MRF</marc:subfield>
                    </marc:datafield>
                    <marc:datafield tag="080" ind1=" " ind2=" ">
                        <marc:subfield code="a">(0:82-3)</marc:subfield>
                        <marc:subfield code="2">MRF</marc:subfield>
                    </marc:datafield>
                    <marc:datafield tag="080" ind1=" " ind2=" ">
                        <marc:subfield code="a">(082.21)</marc:subfield>
                        <marc:subfield code="2">MRF</marc:subfield>
                    </marc:datafield>
                    <marc:datafield tag="100" ind1="1" ind2=" ">
                        <marc:subfield code="a">Hálek, Vítězslav,</marc:subfield>
                        <marc:subfield code="d">1835-1874</marc:subfield>
                        <marc:subfield code="7">jk01033219</marc:subfield>
                        <marc:subfield code="4">aut</marc:subfield>
                    </marc:datafield>
                    <marc:datafield tag="245" ind1="1" ind2="0">
                        <marc:subfield code="a">Z Amorova deníku /</marc:subfield>
                        <marc:subfield code="c">Vítězslav Hálek ; výbor uspořádal a text připravil Milan Pávek ; medailón o autorovi napsal Vítězslav Rzounek</marc:subfield>
                    </marc:datafield>
                    <marc:datafield tag="250" ind1=" " ind2=" ">
                        <marc:subfield code="a">Tohoto souboru vydání první</marc:subfield>
                    </marc:datafield>
                    <marc:datafield tag="264" ind1=" " ind2="1">
                        <marc:subfield code="a">Praha :</marc:subfield>
                        <marc:subfield code="b">Československý spisovatel,</marc:subfield>
                        <marc:subfield code="c">1974</marc:subfield>
                    </marc:datafield>
                    <marc:datafield tag="300" ind1=" " ind2=" ">
                        <marc:subfield code="a">197 stran :</marc:subfield>
                        <marc:subfield code="b">1 portrét ;</marc:subfield>
                        <marc:subfield code="c">17 cm</marc:subfield>
                    </marc:datafield>
                    <marc:datafield tag="336" ind1=" " ind2=" ">
                        <marc:subfield code="a">text</marc:subfield>
                        <marc:subfield code="b">txt</marc:subfield>
                        <marc:subfield code="2">rdacontent</marc:subfield>
                    </marc:datafield>
                    <marc:datafield tag="337" ind1=" " ind2=" ">
                        <marc:subfield code="a">bez média</marc:subfield>
                        <marc:subfield code="b">n</marc:subfield>
                        <marc:subfield code="2">rdamedia</marc:subfield>
                    </marc:datafield>
                    <marc:datafield tag="338" ind1=" " ind2=" ">
                        <marc:subfield code="a">svazek</marc:subfield>
                        <marc:subfield code="b">nc</marc:subfield>
                        <marc:subfield code="2">rdacarrier</marc:subfield>
                    </marc:datafield>
                    <marc:datafield tag="490" ind1="1" ind2=" ">
                        <marc:subfield code="a">Slunovrat. Malá řada ;</marc:subfield>
                        <marc:subfield code="v">svazek 16</marc:subfield>
                    </marc:datafield>
                    <marc:datafield tag="500" ind1=" " ind2=" ">
                        <marc:subfield code="a">22000 výtisků</marc:subfield>
                    </marc:datafield>
                    <marc:datafield tag="520" ind1="2" ind2=" ">
                        <marc:subfield code="a">Povídky z raného období básníkovy tvorby s milostnou tematikou, které jsou spojeny sociálními motivy o lásce dvou mladých lidí, jimž se staví do cesty nepřekonatelné překážky.</marc:subfield>
                    </marc:datafield>
                    <marc:datafield tag="653" ind1="0" ind2=" ">
                        <marc:subfield code="a">česká literatura</marc:subfield>
                        <marc:subfield code="a">české prózy</marc:subfield>
                        <marc:subfield code="a">výbory</marc:subfield>
                    </marc:datafield>
                    <marc:datafield tag="655" ind1=" " ind2="7">
                        <marc:subfield code="a">české prózy</marc:subfield>
                        <marc:subfield code="7">fd133972</marc:subfield>
                        <marc:subfield code="2">czenas</marc:subfield>
                    </marc:datafield>
                    <marc:datafield tag="655" ind1=" " ind2="7">
                        <marc:subfield code="a">výbory</marc:subfield>
                        <marc:subfield code="7">fd133853</marc:subfield>
                        <marc:subfield code="2">czenas</marc:subfield>
                    </marc:datafield>
                    <marc:datafield tag="700" ind1="1" ind2=" ">
                        <marc:subfield code="a">Pávek, Milan,</marc:subfield>
                        <marc:subfield code="d">1941-</marc:subfield>
                        <marc:subfield code="7">jk01092014</marc:subfield>
                        <marc:subfield code="4">edt</marc:subfield>
                    </marc:datafield>
                    <marc:datafield tag="700" ind1="1" ind2=" ">
                        <marc:subfield code="a">Rzounek, Vítězslav,</marc:subfield>
                        <marc:subfield code="d">1921-2001</marc:subfield>
                        <marc:subfield code="7">jk01103438</marc:subfield>
                        <marc:subfield code="4">aui</marc:subfield>
                    </marc:datafield>
                    <marc:datafield tag="830" ind1=" " ind2="0">
                        <marc:subfield code="a">Slunovrat.</marc:subfield>
                        <marc:subfield code="p">Malá řada</marc:subfield>
                    </marc:datafield>
                    <marc:datafield tag="856" ind1="4" ind2="1">
                        <marc:subfield code="u">http://krameriusndk.nkp.cz/search/handle/uuid:fa0673b0-f5ec-11e2-9923-005056827e52</marc:subfield>
                        <marc:subfield code="y">Digitalizovaný dokument</marc:subfield>
                    </marc:datafield>
                    <marc:datafield tag="956" ind1="4" ind2=" ">
                        <marc:subfield code="u">http://krameriusndk.nkp.cz/search/handle/uuid:fa0673b0-f5ec-11e2-9923-005056827e52</marc:subfield>
                        <marc:subfield code="9">A</marc:subfield>
                    </marc:datafield>
                    <marc:datafield tag="990" ind1=" " ind2=" ">
                        <marc:subfield code="a">A</marc:subfield>
                    </marc:datafield>
                    <marc:datafield tag="992" ind1=" " ind2=" ">
                        <marc:subfield code="s">A</marc:subfield>
                        <marc:subfield code="a">20200101</marc:subfield>
                        <marc:subfield code="b">batch</marc:subfield>
                    </marc:datafield>
                    <marc:datafield tag="996" ind1=" " ind2=" ">
                        <marc:subfield code="a">SKC01-000387869</marc:subfield>
                    </marc:datafield>
                    <marc:datafield tag="998" ind1=" " ind2=" ">
                        <marc:subfield code="a">DNT01-000002683</marc:subfield>
                    </marc:datafield>
                </marc:record>
            </metadata>
        </record>