
        <record>
            <header>
                <identifier>oai:aleph-nkp.cz:DNT01-000002684</identifier>
                <datestamp>2022-04-08T18:05:55Z</datestamp>
                <setSpec>DNT-ALL</setSpec>
            </header>
            <metadata>
                <marc:record xmlns:marc="http://www.loc.gov/MARC21/slim" xmlns:xsi="http://www.w3.org/2001/XMLSchema-instance" xsi:schemaLocation="http://www.loc.gov/MARC21/slim
http://www.loc.gov/standards/marcxml/schema/MARC21slim.xsd">
                    <marc:leader>nam a22 4500</marc:leader>
                    <marc:controlfield tag="001">000002684</marc:controlfield>
                    <marc:controlfield tag="003">CZ PrDNT</marc:controlfield>
                    <marc:controlfield tag="005">20200806145759.0</marc:controlfield>
                    <marc:controlfield tag="008">970128s1978 xr |||||||||||000 0|cze d</marc:controlfield>
                    <marc:datafield tag="015" ind1=" " ind2=" ">
                        <marc:subfield code="a">cnb000127974</marc:subfield>
                    </marc:datafield>
                    <marc:datafield tag="020" ind1=" " ind2=" ">
                        <marc:subfield code="q">(Váz.)</marc:subfield>
                    </marc:datafield>
                    <marc:datafield tag="035" ind1=" " ind2=" ">
                        <marc:subfield code="a">(CZ-PrSKC)016020003327251</marc:subfield>
                    </marc:datafield>
                    <marc:datafield tag="040" ind1=" " ind2=" ">
                        <marc:subfield code="a">ULG001</marc:subfield>
                        <marc:subfield code="b">cze</marc:subfield>
                    </marc:datafield>
                    <marc:datafield tag="041" ind1="0" ind2=" ">
                        <marc:subfield code="a">cze</marc:subfield>
                        <marc:subfield code="a">fre</marc:subfield>
                    </marc:datafield>
                    <marc:datafield tag="072" ind1=" " ind2="7">
                        <marc:subfield code="a">59</marc:subfield>
                        <marc:subfield code="x">Zoologie</marc:subfield>
                        <marc:subfield code="2">Konspekt</marc:subfield>
                        <marc:subfield code="9">2</marc:subfield>
                    </marc:datafield>
                    <marc:datafield tag="080" ind1=" " ind2=" ">
                        <marc:subfield code="a">59</marc:subfield>
                        <marc:subfield code="2">MRF-sel</marc:subfield>
                    </marc:datafield>
                    <marc:datafield tag="080" ind1=" " ind2=" ">
                        <marc:subfield code="a">908(6)</marc:subfield>
                        <marc:subfield code="2">MRF-sel</marc:subfield>
                    </marc:datafield>
                    <marc:datafield tag="100" ind1="1" ind2=" ">
                        <marc:subfield code="a">Haleš, Jiří,</marc:subfield>
                        <marc:subfield code="d">1936-</marc:subfield>
                        <marc:subfield code="7">jk01033224</marc:subfield>
                        <marc:subfield code="4">aut</marc:subfield>
                    </marc:datafield>
                    <marc:datafield tag="245" ind1="1" ind2="0">
                        <marc:subfield code="a">Stopy v písku =</marc:subfield>
                        <marc:subfield code="b">Traces sur le sable /</marc:subfield>
                        <marc:subfield code="c">Jiří Haleš</marc:subfield>
                    </marc:datafield>
                    <marc:datafield tag="246" ind1="3" ind2="1">
                        <marc:subfield code="a">Traces sur le sable</marc:subfield>
                    </marc:datafield>
                    <marc:datafield tag="250" ind1=" " ind2=" ">
                        <marc:subfield code="a">Vyd. 1.</marc:subfield>
                    </marc:datafield>
                    <marc:datafield tag="260" ind1=" " ind2=" ">
                        <marc:subfield code="a">Praha :</marc:subfield>
                        <marc:subfield code="b">Pressfoto,</marc:subfield>
                        <marc:subfield code="c">1978</marc:subfield>
                    </marc:datafield>
                    <marc:datafield tag="300" ind1=" " ind2=" ">
                        <marc:subfield code="a">85 s., [64] s. obr. příl. :</marc:subfield>
                        <marc:subfield code="b">il. (převážně barev.), portréty ;</marc:subfield>
                        <marc:subfield code="c">22 cm</marc:subfield>
                    </marc:datafield>
                    <marc:datafield tag="546" ind1=" " ind2=" ">
                        <marc:subfield code="a">Souběžný francouzský text</marc:subfield>
                    </marc:datafield>
                    <marc:datafield tag="650" ind1="0" ind2="4">
                        <marc:subfield code="a">život v přírodě</marc:subfield>
                    </marc:datafield>
                    <marc:datafield tag="651" ind1=" " ind2="7">
                        <marc:subfield code="a">Sahara (poušť)</marc:subfield>
                        <marc:subfield code="7">ge237101</marc:subfield>
                        <marc:subfield code="x">přírodní poměry</marc:subfield>
                        <marc:subfield code="2">czenas</marc:subfield>
                    </marc:datafield>
                    <marc:datafield tag="655" ind1=" " ind2="7">
                        <marc:subfield code="a">obrazové publikace</marc:subfield>
                        <marc:subfield code="7">fd132947</marc:subfield>
                        <marc:subfield code="2">czenas</marc:subfield>
                    </marc:datafield>
                    <marc:datafield tag="856" ind1="4" ind2="1">
                        <marc:subfield code="u">http://krameriusndk.nkp.cz/search/handle/uuid:f6582b90-ff0d-11e6-8830-005056827e51</marc:subfield>
                        <marc:subfield code="y">Digitalizovaný dokument</marc:subfield>
                    </marc:datafield>
                    <marc:datafield tag="956" ind1="4" ind2=" ">
                        <marc:subfield code="u">http://krameriusndk.nkp.cz/search/handle/uuid:f6582b90-ff0d-11e6-8830-005056827e51</marc:subfield>
                        <marc:subfield code="9">A</marc:subfield>
                    </marc:datafield>
                    <marc:datafield tag="990" ind1=" " ind2=" ">
                        <marc:subfield code="a">A</marc:subfield>
                    </marc:datafield>
                    <marc:datafield tag="992" ind1=" " ind2=" ">
                        <marc:subfield code="s">A</marc:subfield>
                        <marc:subfield code="a">20200101</marc:subfield>
                        <marc:subfield code="b">batch</marc:subfield>
                    </marc:datafield>
                    <marc:datafield tag="996" ind1=" " ind2=" ">
                        <marc:subfield code="a">SKC01-000387870</marc:subfield>
                    </marc:datafield>
                    <marc:datafield tag="998" ind1=" " ind2=" ">
                        <marc:subfield code="a">DNT01-000002684</marc:subfield>
                    </marc:datafield>
                </marc:record>
            </metadata>
        </record>