
        <record>
            <header>
                <identifier>oai:aleph-nkp.cz:DNT01-000152002</identifier>
                <datestamp>2022-04-08T18:05:55Z</datestamp>
                <setSpec>DNT-ALL</setSpec>
            </header>
            <metadata>
                <marc:record xmlns:marc="http://www.loc.gov/MARC21/slim" xmlns:xsi="http://www.w3.org/2001/XMLSchema-instance" xsi:schemaLocation="http://www.loc.gov/MARC21/slim
http://www.loc.gov/standards/marcxml/schema/MARC21slim.xsd">
                    <marc:leader>nam a22 a 4500</marc:leader>
                    <marc:controlfield tag="001">000152002</marc:controlfield>
                    <marc:controlfield tag="003">CZ PrDNT</marc:controlfield>
                    <marc:controlfield tag="005">20021101104722.0</marc:controlfield>
                    <marc:controlfield tag="007">tu</marc:controlfield>
                    <marc:controlfield tag="008">020807s2002 xr e 000 0 cze</marc:controlfield>
                    <marc:datafield tag="015" ind1=" " ind2=" ">
                        <marc:subfield code="a">cnb001123956</marc:subfield>
                    </marc:datafield>
                    <marc:datafield tag="020" ind1=" " ind2=" ">
                        <marc:subfield code="a">80-7106-589-7</marc:subfield>
                        <marc:subfield code="q">(brož.) :</marc:subfield>
                        <marc:subfield code="c">Kč 99,00</marc:subfield>
                    </marc:datafield>
                    <marc:datafield tag="035" ind1=" " ind2=" ">
                        <marc:subfield code="a">(CZ-PrSKC)cpk20021123956</marc:subfield>
                    </marc:datafield>
                    <marc:datafield tag="040" ind1=" " ind2=" ">
                        <marc:subfield code="a">ABA001</marc:subfield>
                        <marc:subfield code="b">cze</marc:subfield>
                    </marc:datafield>
                    <marc:datafield tag="041" ind1="1" ind2=" ">
                        <marc:subfield code="a">cze</marc:subfield>
                        <marc:subfield code="h">eng</marc:subfield>
                    </marc:datafield>
                    <marc:datafield tag="072" ind1=" " ind2="7">
                        <marc:subfield code="a">159.92</marc:subfield>
                        <marc:subfield code="x">Vývojová psychologie. Individuální psychologie</marc:subfield>
                        <marc:subfield code="2">Konspekt</marc:subfield>
                        <marc:subfield code="9">17</marc:subfield>
                    </marc:datafield>
                    <marc:datafield tag="080" ind1=" " ind2=" ">
                        <marc:subfield code="a">159.942</marc:subfield>
                        <marc:subfield code="2">MRF</marc:subfield>
                    </marc:datafield>
                    <marc:datafield tag="080" ind1=" " ind2=" ">
                        <marc:subfield code="a">159.923.5</marc:subfield>
                        <marc:subfield code="2">MRF</marc:subfield>
                    </marc:datafield>
                    <marc:datafield tag="080" ind1=" " ind2=" ">
                        <marc:subfield code="a">613.86</marc:subfield>
                        <marc:subfield code="2">MRF</marc:subfield>
                    </marc:datafield>
                    <marc:datafield tag="080" ind1=" " ind2=" ">
                        <marc:subfield code="a">(0.062)</marc:subfield>
                        <marc:subfield code="2">MRF</marc:subfield>
                    </marc:datafield>
                    <marc:datafield tag="100" ind1="1" ind2=" ">
                        <marc:subfield code="a">Bruno, Frank Joe,</marc:subfield>
                        <marc:subfield code="d">1930-</marc:subfield>
                        <marc:subfield code="7">xx0001609</marc:subfield>
                        <marc:subfield code="4">aut</marc:subfield>
                    </marc:datafield>
                    <marc:datafield tag="245" ind1="1" ind2="0">
                        <marc:subfield code="a">Nedělejte si zbytečné starosti :</marc:subfield>
                        <marc:subfield code="b">a zbavte se jich jednou provždy /</marc:subfield>
                        <marc:subfield code="c">Frank J. Bruno ; [z anglického originálu ... přeložila Irena Hauptvogelová]</marc:subfield>
                    </marc:datafield>
                    <marc:datafield tag="260" ind1=" " ind2=" ">
                        <marc:subfield code="a">Praha :</marc:subfield>
                        <marc:subfield code="b">NLN, Nakladatelství Lidové noviny,</marc:subfield>
                        <marc:subfield code="c">2002</marc:subfield>
                    </marc:datafield>
                    <marc:datafield tag="300" ind1=" " ind2=" ">
                        <marc:subfield code="a">99 s. ;</marc:subfield>
                        <marc:subfield code="c">21 cm</marc:subfield>
                    </marc:datafield>
                    <marc:datafield tag="490" ind1="1" ind2=" ">
                        <marc:subfield code="a">Periskop</marc:subfield>
                    </marc:datafield>
                    <marc:datafield tag="520" ind1="2" ind2=" ">
                        <marc:subfield code="a">Existenciální či realistická (pramenící z konkrétních, skutečných příčin) úzkost je běžnou, oprávněnou záležitostí, se kterou bojuje každý z nás. Kromě těchto běžných stavů nás však více či méně sužuje také iracionální, neurotická úzkost, kdy se utápíme v emocích, depresích, fobiích a různých dalších úzkostných poruchách, které nám zbytečně komplikují život. Jejich zdroje mohou být různé, ale většinou pramení z nás samotných - našich komplexů, skrytých traumat, emocionálních konfliktů, potlačených přání apod. Existují různé způsoby pro překonávání těchto úzkostí - fyzické a psychické uvolnění, nácvik pozitivního přístupu k životu, různé formy terapie, ale třeba také užívání sedativ. To vše nalezneme v této příručce. Na závěr knihy autor uvádí praktický návod - sedmibodový program pro snížení a překonávání úzkosti. 14.6.2002 Sára</marc:subfield>
                    </marc:datafield>
                    <marc:datafield tag="520" ind1="2" ind2=" ">
                        <marc:subfield code="a">Příručka poskytuje úvodní seznámení s projevy úzkosti i se základními strategiemi pro překonávání úzkostných stavů.</marc:subfield>
                    </marc:datafield>
                    <marc:datafield tag="650" ind1="0" ind2="7">
                        <marc:subfield code="a">úzkost</marc:subfield>
                        <marc:subfield code="7">ph128368</marc:subfield>
                        <marc:subfield code="2">czenas</marc:subfield>
                    </marc:datafield>
                    <marc:datafield tag="650" ind1="0" ind2="7">
                        <marc:subfield code="a">sebevýchova</marc:subfield>
                        <marc:subfield code="7">ph125456</marc:subfield>
                        <marc:subfield code="2">czenas</marc:subfield>
                    </marc:datafield>
                    <marc:datafield tag="650" ind1="0" ind2="7">
                        <marc:subfield code="a">psychohygiena</marc:subfield>
                        <marc:subfield code="7">ph115945</marc:subfield>
                        <marc:subfield code="2">czenas</marc:subfield>
                    </marc:datafield>
                    <marc:datafield tag="655" ind1=" " ind2="7">
                        <marc:subfield code="a">populárně-naučné publikace</marc:subfield>
                        <marc:subfield code="7">fd131864</marc:subfield>
                        <marc:subfield code="2">czenas</marc:subfield>
                    </marc:datafield>
                    <marc:datafield tag="765" ind1="0" ind2=" ">
                        <marc:subfield code="t">Stop worrying</marc:subfield>
                        <marc:subfield code="9">Česky</marc:subfield>
                    </marc:datafield>
                    <marc:datafield tag="830" ind1=" " ind2="0">
                        <marc:subfield code="a">Periskop (Lidové noviny)</marc:subfield>
                    </marc:datafield>
                    <marc:datafield tag="990" ind1=" " ind2=" ">
                        <marc:subfield code="a">A</marc:subfield>
                    </marc:datafield>
                    <marc:datafield tag="990" ind1=" " ind2=" ">
                        <marc:subfield code="a">NZ</marc:subfield>
                    </marc:datafield>
                    <marc:datafield tag="992" ind1=" " ind2=" ">
                        <marc:subfield code="s">PA</marc:subfield>
                        <marc:subfield code="a">20200731</marc:subfield>
                        <marc:subfield code="b">batch</marc:subfield>
                    </marc:datafield>
                    <marc:datafield tag="992" ind1=" " ind2=" ">
                        <marc:subfield code="s">NZ</marc:subfield>
                        <marc:subfield code="a">20210109</marc:subfield>
                        <marc:subfield code="b">batch</marc:subfield>
                    </marc:datafield>
                    <marc:datafield tag="992" ind1=" " ind2=" ">
                        <marc:subfield code="s">A</marc:subfield>
                        <marc:subfield code="a">20210201</marc:subfield>
                        <marc:subfield code="b">batch</marc:subfield>
                    </marc:datafield>
                    <marc:datafield tag="996" ind1=" " ind2=" ">
                        <marc:subfield code="a">SKC01-001004055</marc:subfield>
                    </marc:datafield>
                    <marc:datafield tag="998" ind1=" " ind2=" ">
                        <marc:subfield code="a">DNT01-000152002</marc:subfield>
                    </marc:datafield>
                </marc:record>
            </metadata>
        </record>