
        <record>
            <header>
                <identifier>oai:aleph-nkp.cz:DNT01-000002686</identifier>
                <datestamp>2022-04-08T18:05:55Z</datestamp>
                <setSpec>DNT-ALL</setSpec>
            </header>
            <metadata>
                <marc:record xmlns:marc="http://www.loc.gov/MARC21/slim" xmlns:xsi="http://www.w3.org/2001/XMLSchema-instance" xsi:schemaLocation="http://www.loc.gov/MARC21/slim
http://www.loc.gov/standards/marcxml/schema/MARC21slim.xsd">
                    <marc:leader>nam a22 4500</marc:leader>
                    <marc:controlfield tag="001">000002686</marc:controlfield>
                    <marc:controlfield tag="003">CZ PrDNT</marc:controlfield>
                    <marc:controlfield tag="005">20201103163130.0</marc:controlfield>
                    <marc:controlfield tag="008">980120s1971 xr |||||||||||000 0|cze d</marc:controlfield>
                    <marc:datafield tag="015" ind1=" " ind2=" ">
                        <marc:subfield code="a">cnb000127982</marc:subfield>
                    </marc:datafield>
                    <marc:datafield tag="020" ind1=" " ind2=" ">
                        <marc:subfield code="q">(Váz.)</marc:subfield>
                    </marc:datafield>
                    <marc:datafield tag="035" ind1=" " ind2=" ">
                        <marc:subfield code="a">(CZ-PrSKC)016020003205801</marc:subfield>
                    </marc:datafield>
                    <marc:datafield tag="040" ind1=" " ind2=" ">
                        <marc:subfield code="a">ULG001</marc:subfield>
                        <marc:subfield code="b">cze</marc:subfield>
                    </marc:datafield>
                    <marc:datafield tag="041" ind1="1" ind2=" ">
                        <marc:subfield code="a">cze</marc:subfield>
                        <marc:subfield code="h">eng</marc:subfield>
                    </marc:datafield>
                    <marc:datafield tag="072" ind1=" " ind2="7">
                        <marc:subfield code="a">91</marc:subfield>
                        <marc:subfield code="x">Geografie jako věda. Výzkum. Cestování</marc:subfield>
                        <marc:subfield code="2">Konspekt</marc:subfield>
                        <marc:subfield code="9">7</marc:subfield>
                    </marc:datafield>
                    <marc:datafield tag="080" ind1=" " ind2=" ">
                        <marc:subfield code="a">910.3/.4</marc:subfield>
                        <marc:subfield code="2">MRF-sel</marc:subfield>
                    </marc:datafield>
                    <marc:datafield tag="100" ind1="1" ind2=" ">
                        <marc:subfield code="a">Halliburton, Richard,</marc:subfield>
                        <marc:subfield code="d">1900-1939</marc:subfield>
                        <marc:subfield code="7">jn20000700662</marc:subfield>
                        <marc:subfield code="4">aut</marc:subfield>
                    </marc:datafield>
                    <marc:datafield tag="245" ind1="1" ind2="0">
                        <marc:subfield code="a">Královskou cestou za romantikou /</marc:subfield>
                        <marc:subfield code="c">Richard Halliburton ; [z anglického originálu ... přeložili Jiří a Slávka Poberovi]</marc:subfield>
                    </marc:datafield>
                    <marc:datafield tag="250" ind1=" " ind2=" ">
                        <marc:subfield code="a">V Orbisu vyd. 1.</marc:subfield>
                    </marc:datafield>
                    <marc:datafield tag="260" ind1=" " ind2=" ">
                        <marc:subfield code="a">Praha :</marc:subfield>
                        <marc:subfield code="b">Orbis,</marc:subfield>
                        <marc:subfield code="c">1971</marc:subfield>
                    </marc:datafield>
                    <marc:datafield tag="300" ind1=" " ind2=" ">
                        <marc:subfield code="a">310 s., [12] s. obr. příl. ;</marc:subfield>
                        <marc:subfield code="c">21 cm</marc:subfield>
                    </marc:datafield>
                    <marc:datafield tag="490" ind1="1" ind2=" ">
                        <marc:subfield code="a">Cesty</marc:subfield>
                    </marc:datafield>
                    <marc:datafield tag="650" ind1="0" ind2="7">
                        <marc:subfield code="a">cesty kolem světa</marc:subfield>
                        <marc:subfield code="7">ph119117</marc:subfield>
                        <marc:subfield code="2">czenas</marc:subfield>
                    </marc:datafield>
                    <marc:datafield tag="650" ind1="0" ind2="7">
                        <marc:subfield code="a">cesty a pobyt</marc:subfield>
                        <marc:subfield code="7">ph137578</marc:subfield>
                        <marc:subfield code="z">země světa</marc:subfield>
                        <marc:subfield code="2">czenas</marc:subfield>
                    </marc:datafield>
                    <marc:datafield tag="655" ind1=" " ind2="7">
                        <marc:subfield code="a">cestopisy</marc:subfield>
                        <marc:subfield code="7">fd131956</marc:subfield>
                        <marc:subfield code="2">czenas</marc:subfield>
                    </marc:datafield>
                    <marc:datafield tag="700" ind1="1" ind2=" ">
                        <marc:subfield code="a">Pober, Jiří,</marc:subfield>
                        <marc:subfield code="d">1910-1976</marc:subfield>
                        <marc:subfield code="7">jk01100160</marc:subfield>
                        <marc:subfield code="4">trl</marc:subfield>
                    </marc:datafield>
                    <marc:datafield tag="700" ind1="1" ind2=" ">
                        <marc:subfield code="a">Poberová, Slávka,</marc:subfield>
                        <marc:subfield code="d">1943-</marc:subfield>
                        <marc:subfield code="7">jk01100162</marc:subfield>
                        <marc:subfield code="4">trl</marc:subfield>
                    </marc:datafield>
                    <marc:datafield tag="765" ind1="0" ind2=" ">
                        <marc:subfield code="t">Royal road to romance</marc:subfield>
                        <marc:subfield code="9">Česky</marc:subfield>
                    </marc:datafield>
                    <marc:datafield tag="830" ind1=" " ind2="0">
                        <marc:subfield code="a">Cesty (Orbis)</marc:subfield>
                    </marc:datafield>
                    <marc:datafield tag="856" ind1="4" ind2="1">
                        <marc:subfield code="u">http://krameriusndk.nkp.cz/search/handle/uuid:b0553870-3195-11e3-a5bb-005056827e52</marc:subfield>
                        <marc:subfield code="y">Digitalizovaný dokument</marc:subfield>
                    </marc:datafield>
                    <marc:datafield tag="956" ind1="4" ind2=" ">
                        <marc:subfield code="u">http://krameriusndk.nkp.cz/search/handle/uuid:b0553870-3195-11e3-a5bb-005056827e52</marc:subfield>
                        <marc:subfield code="9">A</marc:subfield>
                    </marc:datafield>
                    <marc:datafield tag="990" ind1=" " ind2=" ">
                        <marc:subfield code="a">A</marc:subfield>
                    </marc:datafield>
                    <marc:datafield tag="992" ind1=" " ind2=" ">
                        <marc:subfield code="s">A</marc:subfield>
                        <marc:subfield code="a">20200101</marc:subfield>
                        <marc:subfield code="b">batch</marc:subfield>
                    </marc:datafield>
                    <marc:datafield tag="996" ind1=" " ind2=" ">
                        <marc:subfield code="a">SKC01-000387875</marc:subfield>
                    </marc:datafield>
                    <marc:datafield tag="998" ind1=" " ind2=" ">
                        <marc:subfield code="a">DNT01-000002686</marc:subfield>
                    </marc:datafield>
                </marc:record>
            </metadata>
        </record>