
        <record>
            <header>
                <identifier>oai:aleph-nkp.cz:DNT01-000152003</identifier>
                <datestamp>2022-04-08T18:05:55Z</datestamp>
                <setSpec>DNT-ALL</setSpec>
            </header>
            <metadata>
                <marc:record xmlns:marc="http://www.loc.gov/MARC21/slim" xmlns:xsi="http://www.w3.org/2001/XMLSchema-instance" xsi:schemaLocation="http://www.loc.gov/MARC21/slim
http://www.loc.gov/standards/marcxml/schema/MARC21slim.xsd">
                    <marc:leader>nam a22 a 4500</marc:leader>
                    <marc:controlfield tag="001">000152003</marc:controlfield>
                    <marc:controlfield tag="003">CZ PrDNT</marc:controlfield>
                    <marc:controlfield tag="005">20140724083929.0</marc:controlfield>
                    <marc:controlfield tag="007">tu</marc:controlfield>
                    <marc:controlfield tag="008">020807s2002 xr e f 000 0 cze</marc:controlfield>
                    <marc:datafield tag="015" ind1=" " ind2=" ">
                        <marc:subfield code="a">cnb001123957</marc:subfield>
                    </marc:datafield>
                    <marc:datafield tag="020" ind1=" " ind2=" ">
                        <marc:subfield code="a">80-7106-442-4</marc:subfield>
                        <marc:subfield code="q">(brož.) :</marc:subfield>
                        <marc:subfield code="c">Kč 109,00</marc:subfield>
                    </marc:datafield>
                    <marc:datafield tag="035" ind1=" " ind2=" ">
                        <marc:subfield code="a">(CZ-PrSKC)cpk20021123957</marc:subfield>
                    </marc:datafield>
                    <marc:datafield tag="040" ind1=" " ind2=" ">
                        <marc:subfield code="a">ABA001</marc:subfield>
                        <marc:subfield code="b">cze</marc:subfield>
                    </marc:datafield>
                    <marc:datafield tag="041" ind1="1" ind2=" ">
                        <marc:subfield code="a">cze</marc:subfield>
                        <marc:subfield code="h">eng</marc:subfield>
                    </marc:datafield>
                    <marc:datafield tag="072" ind1=" " ind2="7">
                        <marc:subfield code="a">159.92</marc:subfield>
                        <marc:subfield code="x">Vývojová psychologie. Individuální psychologie</marc:subfield>
                        <marc:subfield code="2">Konspekt</marc:subfield>
                        <marc:subfield code="9">17</marc:subfield>
                    </marc:datafield>
                    <marc:datafield tag="080" ind1=" " ind2=" ">
                        <marc:subfield code="a">159.923.2</marc:subfield>
                        <marc:subfield code="2">MRF</marc:subfield>
                    </marc:datafield>
                    <marc:datafield tag="080" ind1=" " ind2=" ">
                        <marc:subfield code="a">13</marc:subfield>
                        <marc:subfield code="2">MRF</marc:subfield>
                    </marc:datafield>
                    <marc:datafield tag="080" ind1=" " ind2=" ">
                        <marc:subfield code="a">316.472.4</marc:subfield>
                        <marc:subfield code="2">MRF</marc:subfield>
                    </marc:datafield>
                    <marc:datafield tag="080" ind1=" " ind2=" ">
                        <marc:subfield code="a">(0.062)</marc:subfield>
                        <marc:subfield code="2">MRF</marc:subfield>
                    </marc:datafield>
                    <marc:datafield tag="100" ind1="1" ind2=" ">
                        <marc:subfield code="a">Blumenthal, Erik,</marc:subfield>
                        <marc:subfield code="d">1914-2004</marc:subfield>
                        <marc:subfield code="7">xx0002082</marc:subfield>
                        <marc:subfield code="4">aut</marc:subfield>
                    </marc:datafield>
                    <marc:datafield tag="245" ind1="1" ind2="0">
                        <marc:subfield code="a">Věřit sám sobě, aneb, Jak přijmout vlastní osobnost /</marc:subfield>
                        <marc:subfield code="c">Erik Blumenthal ; [z anglického originálu ... přeložila Ivana Husáková]</marc:subfield>
                    </marc:datafield>
                    <marc:datafield tag="246" ind1="3" ind2="3">
                        <marc:subfield code="a">Jak přijmout vlastní osobnost</marc:subfield>
                    </marc:datafield>
                    <marc:datafield tag="260" ind1=" " ind2=" ">
                        <marc:subfield code="a">Praha :</marc:subfield>
                        <marc:subfield code="b">NLN, Nakladatelství Lidové noviny,</marc:subfield>
                        <marc:subfield code="c">2002</marc:subfield>
                    </marc:datafield>
                    <marc:datafield tag="300" ind1=" " ind2=" ">
                        <marc:subfield code="a">109 s. ;</marc:subfield>
                        <marc:subfield code="c">22 cm</marc:subfield>
                    </marc:datafield>
                    <marc:datafield tag="490" ind1="1" ind2=" ">
                        <marc:subfield code="a">Periskop</marc:subfield>
                    </marc:datafield>
                    <marc:datafield tag="520" ind1="2" ind2=" ">
                        <marc:subfield code="a">Autor se opírá především o základy Adlerovy individuální psychologie (každý z nás je jedinečnou, společenskou bytostí, usilujeme o nějaký cíl, je schopen činit rozhodnutí). Navíc zdůrazňuje schopnost víry a spiritualizaci (cestu k duchovnosti). Proto ve svých radách a návodech na posílení sebedůvěry, zlepšení postojů k okolnímu světu, zvládnutí emocí a zlepšení obecného přístupu k životu zdůrazňuje duchovní aspekty. V centru pozornosti stojí především vnitřní vyrovnanost člověka, duchovní nadhled, láska k sobě samému i druhým, přijímání zlého utrpení jako formy poučení, popudu pro další vývoj; stejně tak oběť či služba, jakožto projevy přátelství a nesobeckosti ve prospěch druhých, jsou významnými mezníky na cestě spiritualizace, cestě od egocentričnosti k sebedůvěře, cestě k pozitivnímu naladění. Psychologicko-duchovní rady jsou koncipovány spíše jako promluvy ke čtenáři. Doporučují se i modlitby a meditace pro překonání negativních pocitů. 14.6.2002 Sára</marc:subfield>
                    </marc:datafield>
                    <marc:datafield tag="520" ind1="2" ind2=" ">
                        <marc:subfield code="a">Příručka pro posílení sebedůvěry a lepší přijetí sebe sama se zabývá technikami umožňujícími psychický a duchovní vývoj jedince.</marc:subfield>
                    </marc:datafield>
                    <marc:datafield tag="650" ind1="0" ind2="7">
                        <marc:subfield code="a">sebedůvěra</marc:subfield>
                        <marc:subfield code="7">ph118402</marc:subfield>
                        <marc:subfield code="2">czenas</marc:subfield>
                    </marc:datafield>
                    <marc:datafield tag="650" ind1="0" ind2="7">
                        <marc:subfield code="a">sebepřijímání</marc:subfield>
                        <marc:subfield code="7">ph210489</marc:subfield>
                        <marc:subfield code="2">czenas</marc:subfield>
                    </marc:datafield>
                    <marc:datafield tag="650" ind1="0" ind2="7">
                        <marc:subfield code="a">duchovní život</marc:subfield>
                        <marc:subfield code="7">ph114375</marc:subfield>
                        <marc:subfield code="2">czenas</marc:subfield>
                    </marc:datafield>
                    <marc:datafield tag="650" ind1="0" ind2="7">
                        <marc:subfield code="a">interpersonální vztahy</marc:subfield>
                        <marc:subfield code="7">ph114786</marc:subfield>
                        <marc:subfield code="2">czenas</marc:subfield>
                    </marc:datafield>
                    <marc:datafield tag="655" ind1=" " ind2="7">
                        <marc:subfield code="a">populárně-naučné publikace</marc:subfield>
                        <marc:subfield code="7">fd131864</marc:subfield>
                        <marc:subfield code="2">czenas</marc:subfield>
                    </marc:datafield>
                    <marc:datafield tag="765" ind1="0" ind2=" ">
                        <marc:subfield code="t">Believing in yourself</marc:subfield>
                        <marc:subfield code="9">Česky</marc:subfield>
                    </marc:datafield>
                    <marc:datafield tag="830" ind1=" " ind2="0">
                        <marc:subfield code="a">Periskop (Lidové noviny)</marc:subfield>
                    </marc:datafield>
                    <marc:datafield tag="990" ind1=" " ind2=" ">
                        <marc:subfield code="a">A</marc:subfield>
                    </marc:datafield>
                    <marc:datafield tag="990" ind1=" " ind2=" ">
                        <marc:subfield code="a">NZ</marc:subfield>
                    </marc:datafield>
                    <marc:datafield tag="992" ind1=" " ind2=" ">
                        <marc:subfield code="s">PA</marc:subfield>
                        <marc:subfield code="a">20200731</marc:subfield>
                        <marc:subfield code="b">batch</marc:subfield>
                    </marc:datafield>
                    <marc:datafield tag="992" ind1=" " ind2=" ">
                        <marc:subfield code="s">NZ</marc:subfield>
                        <marc:subfield code="a">20210109</marc:subfield>
                        <marc:subfield code="b">batch</marc:subfield>
                    </marc:datafield>
                    <marc:datafield tag="992" ind1=" " ind2=" ">
                        <marc:subfield code="s">A</marc:subfield>
                        <marc:subfield code="a">20210201</marc:subfield>
                        <marc:subfield code="b">batch</marc:subfield>
                    </marc:datafield>
                    <marc:datafield tag="996" ind1=" " ind2=" ">
                        <marc:subfield code="a">SKC01-001004056</marc:subfield>
                    </marc:datafield>
                    <marc:datafield tag="998" ind1=" " ind2=" ">
                        <marc:subfield code="a">DNT01-000152003</marc:subfield>
                    </marc:datafield>
                </marc:record>
            </metadata>
        </record>