
        <record>
            <header>
                <identifier>oai:aleph-nkp.cz:DNT01-000052590</identifier>
                <datestamp>2022-04-08T18:05:55Z</datestamp>
                <setSpec>DNT-ALL</setSpec>
            </header>
            <metadata>
                <marc:record xmlns:marc="http://www.loc.gov/MARC21/slim" xmlns:xsi="http://www.w3.org/2001/XMLSchema-instance" xsi:schemaLocation="http://www.loc.gov/MARC21/slim
http://www.loc.gov/standards/marcxml/schema/MARC21slim.xsd">
                    <marc:leader>nam a22 4500</marc:leader>
                    <marc:controlfield tag="001">000052590</marc:controlfield>
                    <marc:controlfield tag="003">CZ PrDNT</marc:controlfield>
                    <marc:controlfield tag="005">20121031082812.0</marc:controlfield>
                    <marc:controlfield tag="007">tu</marc:controlfield>
                    <marc:controlfield tag="008">850129s1984 xr a u0|1 | cze</marc:controlfield>
                    <marc:datafield tag="015" ind1=" " ind2=" ">
                        <marc:subfield code="a">cnb000024165</marc:subfield>
                    </marc:datafield>
                    <marc:datafield tag="020" ind1=" " ind2=" ">
                        <marc:subfield code="q">(Brož.) :</marc:subfield>
                        <marc:subfield code="c">13 Kčs</marc:subfield>
                    </marc:datafield>
                    <marc:datafield tag="035" ind1=" " ind2=" ">
                        <marc:subfield code="a">(CZ-PrSKC)ck8500122</marc:subfield>
                    </marc:datafield>
                    <marc:datafield tag="040" ind1=" " ind2=" ">
                        <marc:subfield code="a">ABA001</marc:subfield>
                        <marc:subfield code="b">cze</marc:subfield>
                        <marc:subfield code="d">ABA001</marc:subfield>
                    </marc:datafield>
                    <marc:datafield tag="041" ind1="1" ind2=" ">
                        <marc:subfield code="a">cze</marc:subfield>
                        <marc:subfield code="h">ger</marc:subfield>
                    </marc:datafield>
                    <marc:datafield tag="100" ind1="1" ind2=" ">
                        <marc:subfield code="a">Glaser, Wolfgang</marc:subfield>
                        <marc:subfield code="7">ntk2011673837</marc:subfield>
                        <marc:subfield code="4">aut</marc:subfield>
                    </marc:datafield>
                    <marc:datafield tag="245" ind1="1" ind2="0">
                        <marc:subfield code="a">Úvod do techniky světlovodů /</marc:subfield>
                        <marc:subfield code="c">Wolfgang Glaser ; z němčiny přeložil František Hoff</marc:subfield>
                    </marc:datafield>
                    <marc:datafield tag="250" ind1=" " ind2=" ">
                        <marc:subfield code="a">1. vyd.</marc:subfield>
                    </marc:datafield>
                    <marc:datafield tag="260" ind1=" " ind2=" ">
                        <marc:subfield code="a">Praha :</marc:subfield>
                        <marc:subfield code="b">SNTL,</marc:subfield>
                        <marc:subfield code="c">1984</marc:subfield>
                        <marc:subfield code="f">(Mír 1)</marc:subfield>
                    </marc:datafield>
                    <marc:datafield tag="300" ind1=" " ind2=" ">
                        <marc:subfield code="a">166 s. :</marc:subfield>
                        <marc:subfield code="b">obr., tb., grafy ;</marc:subfield>
                        <marc:subfield code="c">21 cm</marc:subfield>
                    </marc:datafield>
                    <marc:datafield tag="490" ind1="1" ind2=" ">
                        <marc:subfield code="a">Populární kybernetika ;</marc:subfield>
                        <marc:subfield code="v">sv. 5</marc:subfield>
                    </marc:datafield>
                    <marc:datafield tag="500" ind1=" " ind2=" ">
                        <marc:subfield code="a">2200 výt.</marc:subfield>
                    </marc:datafield>
                    <marc:datafield tag="500" ind1=" " ind2=" ">
                        <marc:subfield code="a">Obálka Vladislav Jacák</marc:subfield>
                    </marc:datafield>
                    <marc:datafield tag="500" ind1=" " ind2=" ">
                        <marc:subfield code="a">Pozn</marc:subfield>
                    </marc:datafield>
                    <marc:datafield tag="504" ind1=" " ind2=" ">
                        <marc:subfield code="a">Obsahuje bibliografii a věcný rejstřík</marc:subfield>
                    </marc:datafield>
                    <marc:datafield tag="655" ind1=" " ind2="7">
                        <marc:subfield code="a">příručky</marc:subfield>
                        <marc:subfield code="7">fd133209</marc:subfield>
                        <marc:subfield code="2">czenas</marc:subfield>
                    </marc:datafield>
                    <marc:datafield tag="700" ind1="1" ind2=" ">
                        <marc:subfield code="a">Hoff, František</marc:subfield>
                        <marc:subfield code="7">jk01041492</marc:subfield>
                        <marc:subfield code="4">trl</marc:subfield>
                    </marc:datafield>
                    <marc:datafield tag="765" ind1="0" ind2=" ">
                        <marc:subfield code="t">Lichtleitertechnik, eine Einführung</marc:subfield>
                        <marc:subfield code="9">Česky</marc:subfield>
                    </marc:datafield>
                    <marc:datafield tag="830" ind1=" " ind2="0">
                        <marc:subfield code="a">Populární kybernetika</marc:subfield>
                    </marc:datafield>
                    <marc:datafield tag="856" ind1="4" ind2="1">
                        <marc:subfield code="u">http://krameriusndk.nkp.cz/search/handle/uuid:9caffd10-b9fa-11e5-b5dc-005056827e51</marc:subfield>
                        <marc:subfield code="y">Digitalizovaný dokument</marc:subfield>
                    </marc:datafield>
                    <marc:datafield tag="956" ind1="4" ind2=" ">
                        <marc:subfield code="u">http://krameriusndk.nkp.cz/search/handle/uuid:9caffd10-b9fa-11e5-b5dc-005056827e51</marc:subfield>
                        <marc:subfield code="9">A</marc:subfield>
                    </marc:datafield>
                    <marc:datafield tag="964" ind1=" " ind2=" ">
                        <marc:subfield code="a">Sdělování optické - světlovody - příručky</marc:subfield>
                    </marc:datafield>
                    <marc:datafield tag="990" ind1=" " ind2=" ">
                        <marc:subfield code="a">A</marc:subfield>
                    </marc:datafield>
                    <marc:datafield tag="992" ind1=" " ind2=" ">
                        <marc:subfield code="s">A</marc:subfield>
                        <marc:subfield code="a">20200101</marc:subfield>
                        <marc:subfield code="b">batch</marc:subfield>
                    </marc:datafield>
                    <marc:datafield tag="996" ind1=" " ind2=" ">
                        <marc:subfield code="a">SKC01-000861321</marc:subfield>
                    </marc:datafield>
                    <marc:datafield tag="998" ind1=" " ind2=" ">
                        <marc:subfield code="a">DNT01-000052590</marc:subfield>
                    </marc:datafield>
                </marc:record>
            </metadata>
        </record>