
        <record>
            <header>
                <identifier>oai:aleph-nkp.cz:DNT01-000002687</identifier>
                <datestamp>2022-04-08T18:05:55Z</datestamp>
                <setSpec>DNT-ALL</setSpec>
            </header>
            <metadata>
                <marc:record xmlns:marc="http://www.loc.gov/MARC21/slim" xmlns:xsi="http://www.w3.org/2001/XMLSchema-instance" xsi:schemaLocation="http://www.loc.gov/MARC21/slim
http://www.loc.gov/standards/marcxml/schema/MARC21slim.xsd">
                    <marc:leader>nam a22 4500</marc:leader>
                    <marc:controlfield tag="001">000002687</marc:controlfield>
                    <marc:controlfield tag="003">CZ PrDNT</marc:controlfield>
                    <marc:controlfield tag="005">20150925181319.0</marc:controlfield>
                    <marc:controlfield tag="008">980121s1968 xr |||||||||||||| ||cze d</marc:controlfield>
                    <marc:datafield tag="015" ind1=" " ind2=" ">
                        <marc:subfield code="a">cnb000127984</marc:subfield>
                    </marc:datafield>
                    <marc:datafield tag="020" ind1=" " ind2=" ">
                        <marc:subfield code="q">(Váz.) :</marc:subfield>
                        <marc:subfield code="c">Kčs 28,00</marc:subfield>
                    </marc:datafield>
                    <marc:datafield tag="035" ind1=" " ind2=" ">
                        <marc:subfield code="a">(CZ-PrSKC)016020003213641</marc:subfield>
                    </marc:datafield>
                    <marc:datafield tag="040" ind1=" " ind2=" ">
                        <marc:subfield code="a">ABA001</marc:subfield>
                        <marc:subfield code="b">cze</marc:subfield>
                        <marc:subfield code="c">PNA001</marc:subfield>
                        <marc:subfield code="d">ABA001</marc:subfield>
                        <marc:subfield code="d">ULG001</marc:subfield>
                    </marc:datafield>
                    <marc:datafield tag="041" ind1="1" ind2=" ">
                        <marc:subfield code="a">cze</marc:subfield>
                        <marc:subfield code="h">eng</marc:subfield>
                    </marc:datafield>
                    <marc:datafield tag="072" ind1=" " ind2="7">
                        <marc:subfield code="a">91</marc:subfield>
                        <marc:subfield code="x">Geografie jako věda. Výzkum. Cestování</marc:subfield>
                        <marc:subfield code="2">Konspekt</marc:subfield>
                        <marc:subfield code="9">7</marc:subfield>
                    </marc:datafield>
                    <marc:datafield tag="080" ind1=" " ind2=" ">
                        <marc:subfield code="a">910.3/.4</marc:subfield>
                        <marc:subfield code="2">MRF-sel</marc:subfield>
                    </marc:datafield>
                    <marc:datafield tag="080" ind1=" " ind2=" ">
                        <marc:subfield code="a">82-992</marc:subfield>
                        <marc:subfield code="2">MRF-sel</marc:subfield>
                    </marc:datafield>
                    <marc:datafield tag="080" ind1=" " ind2=" ">
                        <marc:subfield code="a">913(6)</marc:subfield>
                        <marc:subfield code="2">MRF-sel</marc:subfield>
                    </marc:datafield>
                    <marc:datafield tag="080" ind1=" " ind2=" ">
                        <marc:subfield code="a">913(5)</marc:subfield>
                        <marc:subfield code="2">MRF-sel</marc:subfield>
                    </marc:datafield>
                    <marc:datafield tag="080" ind1=" " ind2=" ">
                        <marc:subfield code="a">913(4)</marc:subfield>
                        <marc:subfield code="2">MRF-sel</marc:subfield>
                    </marc:datafield>
                    <marc:datafield tag="100" ind1="1" ind2=" ">
                        <marc:subfield code="a">Halliburton, Richard,</marc:subfield>
                        <marc:subfield code="d">1900-1939</marc:subfield>
                        <marc:subfield code="7">jn20000700662</marc:subfield>
                        <marc:subfield code="4">aut</marc:subfield>
                    </marc:datafield>
                    <marc:datafield tag="245" ind1="1" ind2="0">
                        <marc:subfield code="a">Létající koberec /</marc:subfield>
                        <marc:subfield code="c">Richard Halliburton ; [z anglického originálu ... ve spolupráci s Jaroslavou Vojtěchovou nově přeložil, poznámkami a doplňky opatřil a doslov napsal Jiří Pober ; Háfízovy verše z perských textů přebásnila Eva Štolbová]</marc:subfield>
                    </marc:datafield>
                    <marc:datafield tag="250" ind1=" " ind2=" ">
                        <marc:subfield code="a">3. vyd., (V Orbisu 1., přeprac.)</marc:subfield>
                    </marc:datafield>
                    <marc:datafield tag="260" ind1=" " ind2=" ">
                        <marc:subfield code="a">Praha :</marc:subfield>
                        <marc:subfield code="b">Orbis,</marc:subfield>
                        <marc:subfield code="c">1968</marc:subfield>
                    </marc:datafield>
                    <marc:datafield tag="300" ind1=" " ind2=" ">
                        <marc:subfield code="a">382 s., [40] s. obr. příl. :</marc:subfield>
                        <marc:subfield code="b">il. (některé barev.), mapa, portréty ;</marc:subfield>
                        <marc:subfield code="c">21 cm</marc:subfield>
                    </marc:datafield>
                    <marc:datafield tag="490" ind1="1" ind2=" ">
                        <marc:subfield code="a">Cesty</marc:subfield>
                    </marc:datafield>
                    <marc:datafield tag="500" ind1=" " ind2=" ">
                        <marc:subfield code="a">70000 výt.</marc:subfield>
                    </marc:datafield>
                    <marc:datafield tag="648" ind1=" " ind2="7">
                        <marc:subfield code="a">20. století</marc:subfield>
                        <marc:subfield code="7">ch460558</marc:subfield>
                        <marc:subfield code="2">czenas</marc:subfield>
                    </marc:datafield>
                    <marc:datafield tag="650" ind1="0" ind2="7">
                        <marc:subfield code="a">cesty kolem světa</marc:subfield>
                        <marc:subfield code="7">ph119117</marc:subfield>
                        <marc:subfield code="y">20. století</marc:subfield>
                        <marc:subfield code="2">czenas</marc:subfield>
                    </marc:datafield>
                    <marc:datafield tag="651" ind1=" " ind2="7">
                        <marc:subfield code="a">Afrika</marc:subfield>
                        <marc:subfield code="7">ge137148</marc:subfield>
                        <marc:subfield code="x">reálie</marc:subfield>
                        <marc:subfield code="2">czenas</marc:subfield>
                    </marc:datafield>
                    <marc:datafield tag="651" ind1=" " ind2="7">
                        <marc:subfield code="a">Asie</marc:subfield>
                        <marc:subfield code="7">ge131486</marc:subfield>
                        <marc:subfield code="x">reálie</marc:subfield>
                        <marc:subfield code="2">czenas</marc:subfield>
                    </marc:datafield>
                    <marc:datafield tag="651" ind1=" " ind2="7">
                        <marc:subfield code="a">Evropa</marc:subfield>
                        <marc:subfield code="7">ge137210</marc:subfield>
                        <marc:subfield code="x">reálie</marc:subfield>
                        <marc:subfield code="2">czenas</marc:subfield>
                    </marc:datafield>
                    <marc:datafield tag="655" ind1=" " ind2="7">
                        <marc:subfield code="a">cestopisy</marc:subfield>
                        <marc:subfield code="7">fd131956</marc:subfield>
                        <marc:subfield code="2">czenas</marc:subfield>
                    </marc:datafield>
                    <marc:datafield tag="700" ind1="1" ind2=" ">
                        <marc:subfield code="a">Poberová, Slávka,</marc:subfield>
                        <marc:subfield code="d">1943-</marc:subfield>
                        <marc:subfield code="7">jk01100162</marc:subfield>
                        <marc:subfield code="4">trl</marc:subfield>
                        <marc:subfield code="4">trl</marc:subfield>
                    </marc:datafield>
                    <marc:datafield tag="700" ind1="1" ind2=" ">
                        <marc:subfield code="a">Pober, Jiří,</marc:subfield>
                        <marc:subfield code="d">1910-1976</marc:subfield>
                        <marc:subfield code="7">jk01100160</marc:subfield>
                        <marc:subfield code="4">trl</marc:subfield>
                        <marc:subfield code="4">aft</marc:subfield>
                    </marc:datafield>
                    <marc:datafield tag="700" ind1="1" ind2=" ">
                        <marc:subfield code="a">Štolbová, Eva,</marc:subfield>
                        <marc:subfield code="d">1935-1993</marc:subfield>
                        <marc:subfield code="7">jk01131456</marc:subfield>
                        <marc:subfield code="4">aut</marc:subfield>
                    </marc:datafield>
                    <marc:datafield tag="765" ind1="0" ind2=" ">
                        <marc:subfield code="t">Flying carpet</marc:subfield>
                        <marc:subfield code="9">Česky</marc:subfield>
                    </marc:datafield>
                    <marc:datafield tag="830" ind1=" " ind2="0">
                        <marc:subfield code="a">Cesty (Orbis)</marc:subfield>
                    </marc:datafield>
                    <marc:datafield tag="856" ind1="4" ind2="1">
                        <marc:subfield code="u">http://krameriusndk.nkp.cz/search/handle/uuid:8a88c0b0-d279-11e2-8c80-005056827e52</marc:subfield>
                        <marc:subfield code="y">Digitalizovaný dokument</marc:subfield>
                    </marc:datafield>
                    <marc:datafield tag="956" ind1="4" ind2=" ">
                        <marc:subfield code="u">http://krameriusndk.nkp.cz/search/handle/uuid:8a88c0b0-d279-11e2-8c80-005056827e52</marc:subfield>
                        <marc:subfield code="9">A</marc:subfield>
                    </marc:datafield>
                    <marc:datafield tag="990" ind1=" " ind2=" ">
                        <marc:subfield code="a">A</marc:subfield>
                    </marc:datafield>
                    <marc:datafield tag="992" ind1=" " ind2=" ">
                        <marc:subfield code="s">A</marc:subfield>
                        <marc:subfield code="a">20200101</marc:subfield>
                        <marc:subfield code="b">batch</marc:subfield>
                    </marc:datafield>
                    <marc:datafield tag="996" ind1=" " ind2=" ">
                        <marc:subfield code="a">SKC01-000387876</marc:subfield>
                    </marc:datafield>
                    <marc:datafield tag="998" ind1=" " ind2=" ">
                        <marc:subfield code="a">DNT01-000002687</marc:subfield>
                    </marc:datafield>
                </marc:record>
            </metadata>
        </record>
        <resumptionToken>202204081805558999999999999999DNT-ALL:DNT-ALLM</resumptionToken>
    </ListRecords>
</OAI-PMH>
